@article{kornblum06,
  title = {Identifying almost identical files using context triggered piecewise hashing},
  journal = {Digital Investigation},
  volume = {3},
  pages = {91-97},
  year = {2006},
  note = {The Proceedings of the 6th Annual Digital Forensic Research Workshop (DFRWS '06)},
  issn = {1742-2876},
  doi = {https://doi.org/10.1016/j.diin.2006.06.015},
  url = {https://www.sciencedirect.com/science/article/pii/S1742287606000764},
  author = {Jesse Kornblum},
  keywords = {Memory analysis, Forensics, Windows, Reverse engineering, Microsoft}
}

@article{gayoso15,
	author = {Víctor Gayoso Martínez and Fernando Hernández Álvarez and Luis Hernández Encinas and Carmen Sánchez Ávila},
	title = {A New Edit Distance for Fuzzy Hashing Applications},
	year = {2015},
	organization ={This  work  has  been  partially  supported  by  Comunidad
de  Madrid  (Spain)  under  the  project  S2013/ICE-3095-CM
(CIBERDINE)  and  by  Ministerio  de  Economía  y  Competitividad (Spain) under the grant TIN2014-55325-C2-1-R
(ProCriCiS).}
}

@article{ermerins,
  author = {Ermerin, Jelle and Woudt van Steenberg},
  title = {Anti-forencics in ssdeep similarity hashing},
  year = {}
}

@article{roussev11,
title = {An evaluation of forensic similarity hashes},
journal = {Digital Investigation},
volume = {8},
pages = {S34-S41},
year = {2011},
note = {The Proceedings of the Eleventh Annual DFRWS Conference},
issn = {1742-2876},
doi = {https://doi.org/10.1016/j.diin.2011.05.005},
url = {https://www.sciencedirect.com/science/article/pii/S1742287611000296},
author = {Vassil Roussev},
keywords = {Digital forensics, Similarity hash, Similarity digest, Sdhash, Ssdeep}
}

@online{tlsh,
  title={TLSH - A Locality Sensitive Hash},
  author={Jonathan Oliver},
  year={2021},
  url={{https://tlsh.org/index.html}}
}

@inproceedings{li15,
  author = {Li, Yuping and Sundaramurthy, Sathya Chandran and Bardas, Alexandru and Ou, Xinming and Caragea, Doina and Hu, Xin and Jang, Jiyong},
  year = {2015},
  month = {08},
  pages = {},
  title = {Experimental Study of Fuzzy Hashing in Malware Clustering Analysis}
}

@article{aslan20,
  author={Aslan, Ömer Aslan and Samet, Refik},
  journal={IEEE Access},
  title={A Comprehensive Review on Malware Detection Approaches},
  year={2020},
  volume={8},
  number={},
  pages={6249-6271},
  doi={10.1109/ACCESS.2019.2963724}
}
@inproceedings{oliver14,
  author = {Oliver, Jonathan and Forman, Scott and Cheng, Chun},
  year = {2014},
  month = {11},
  pages = {199-210},
  title = {Using Randomization to Attack Similarity Digests},
  volume = {490},
  isbn = {978-3-662-45669-9},
  doi = {10.1007/978-3-662-45670-5_19}
}

@inproceedings{sarantinos16,
  author = {Sarantinos, Nikolaos and Benzaid, Chafika and Arabiat, Omar and Al-Nemrat, A.},
  year = {2016},
  month = {08},
  pages = {1782-1787},
  title = {Forensic Malware Analysis: The Value of Fuzzy Hashing Algorithms in Identifying Similarities},
  doi = {10.1109/TrustCom.2016.0274}
}

@inproceedings{roussev10,
  author="Roussev, Vassil",
  editor="Chow, Kam-Pui
  and Shenoi, Sujeet",
  title="Data Fingerprinting with Similarity Digests",
  booktitle="Advances in Digital Forensics VI",
  year="2010",
  publisher="Springer Berlin Heidelberg",
  address="Berlin, Heidelberg",
  pages="207--226",
  isbn="978-3-642-15506-2"
}
@inproceedings{roussev09,
  author = {Roussev, Vassil},
  year = {2009},
  month = {02},
  pages = {1 - 10},
  title = {Building a Better Similarity Trap with Statistically Improbable Features},
  journal = {Proceedings of the Forty-Second Hawaii International Conference on System Sciences},
  doi = {10.1109/HICSS.2009.97}
}

@article{martin-perez21,
  title = {Bringing order to approximate matching: Classification and attacks on similarity digest algorithms},
  journal = {Forensic Science International: Digital Investigation},
  volume = {36},
  pages = {301120},
  year = {2021},
  note = {DFRWS 2021 EU - Selected Papers and Extended Abstracts of the Eighth Annual DFRWS Europe Conference},
  issn = {2666-2817},
  doi = {https://doi.org/10.1016/j.fsidi.2021.301120},
  url = {https://www.sciencedirect.com/science/article/pii/S2666281721000172},
  author = {Miguel Martín-Pérez and Ricardo J. Rodríguez and Frank Breitinger},
  keywords = {Approximate matching, Fuzzy hashing, Similarity hashing, Similarity digest algorithm, Bytewise, Classification scheme},
}

@inproceedings{naik19,
  author={Naik, Nitin and Jenkins, Paul and Savage, Nick},
  booktitle={2019 International Symposium on Systems Engineering (ISSE)},
  title={A Ransomware Detection Method Using Fuzzy Hashing for Mitigating the Risk of Occlusion of Information Systems},
  year={2019},
  volume={}, 
  number={},
  pages={1-6},
  doi={10.1109/ISSE46696.2019.8984540}
}

@inproceedings{breitinger12,
  author = {Breitinger, Frank and Baier, Harald and Beckingham, Jesse},
  year = {2012},
  month = {08},
  pages = {},
  title = {Security and implementation analysis of the similarity digest sdhash}
}

@inproceedings{breitinger13,
  author={Breitinger, Frank and Astebøl, Knut Petter and Baier, Harald and Busch, Christoph},
  booktitle={2013 Seventh International Conference on IT Security Incident Management and IT Forensics},
  title={mvHash-B - A New Approach for Similarity Preserving Hashing},
  year={2013},
  volume={},
  number={},
  pages={33-44},
  doi={10.1109/IMF.2013.18}
}

@article{roussev09--2,
  author={Roussev, Vassil},
  journal={IEEE Security & Privacy},
  title={Hashing and Data Fingerprinting in Digital Forensics},
  year={2009},
  volume={7},
  number={2},
  pages={49-55},
  doi={10.1109/MSP.2009.40}
}

@inproceedings{pagani18,
  author = {Pagani, Fabio and Dell’Amico, Matteo and Balzarotti, Davide},
  year = {2018},
  month = {03},
  pages = {354-365},
  title = {Beyond Precision and Recall: Understanding Uses (and Misuses) of Similarity Hashes in Binary Analysis},
  doi = {10.1145/3176258.3176306}
}
