@article{IDENT,
  title = {Identifying almost identical files using context triggered piecewise hashing},
  journal = {Digital Investigation},
  volume = {3},
  pages = {91-97},
  year = {2006},
  note = {The Proceedings of the 6th Annual Digital Forensic Research Workshop (DFRWS '06)},
  issn = {1742-2876},
  doi = {https://doi.org/10.1016/j.diin.2006.06.015},
  url = {https://www.sciencedirect.com/science/article/pii/S1742287606000764},
  author = {Jesse Kornblum},
  keywords = {Memory analysis, Forensics, Windows, Reverse engineering, Microsoft}
}

@INPROCEEDINGS{RANSO,
  author={Naik, Nitin and Jenkins, Paul and Savage, Nick},
  booktitle={2019 International Symposium on Systems Engineering (ISSE)}, 
  title={A Ransomware Detection Method Using Fuzzy Hashing for Mitigating the Risk of Occlusion of Information Systems}, 
  year={2019},
  volume={},
  number={},
  pages={1-6},
  doi={10.1109/ISSE46696.2019.8984540}
}

@online{SSDEEP,
  author = {ssdeep Project},
  title = {ssdeep},
  url = {https://ssdeep-project.github.io/ssdeep/index.html},
  urldate = {2020-10-10},
  year = {2018}
}

